<?xml version="1.0" encoding="UTF-8"?><collection xmlns="http://www.loc.gov/MARC21/slim"><record><leader>00522nam--2200193-u-4500</leader><controlfield tag="001">000056010</controlfield><controlfield tag="002">20161230</controlfield><controlfield tag="005">20161230201052</controlfield><controlfield tag="008">141114s1000------------r-----000-0-rum-d</controlfield><datafield ind1=" " ind2=" " tag="020"><subfield code="a">973859622X</subfield></datafield><datafield ind1=" " ind2=" " tag="040"><subfield code="a">IFIN-HH</subfield></datafield><datafield ind1=" " ind2=" " tag="041"><subfield code="a">rum</subfield></datafield><datafield ind1=" " ind2=" " tag="080"><subfield code="a">025.45</subfield></datafield><datafield ind1="1" ind2=" " tag="100"><subfield code="a">Mciiwaine, I.C</subfield></datafield><datafield ind1="1" ind2="0" tag="245"><subfield code="a">Clasificarea zecimala universala</subfield><subfield code="b">Ghid de utilizare. traducere de victoria francu</subfield><subfield code="c">I.c. mciiwaine</subfield></datafield><datafield ind1=" " ind2=" " tag="260"><subfield code="a">Bucuresti</subfield><subfield code="b">Editura Abir</subfield><subfield code="c">2006</subfield></datafield><datafield ind1=" " ind2=" " tag="300"><subfield code="a">IX+285P</subfield></datafield><datafield ind1=" " ind2=" " tag="852"><subfield code="a">82388</subfield><subfield code="c">02</subfield></datafield><datafield ind1=" " ind2=" " tag="CAT"><subfield code="a">Sys</subfield><subfield code="c">20141114</subfield><subfield code="h">161429</subfield></datafield></record></collection>